@article {cohn,
    AUTHOR = {Cohn, P. M.},
     TITLE = {\href{https://doi.org/10.1112/jlms/s1-38.1.197}{A remark on the {B}irkhoff-{W}itt theorem}},
   JOURNAL = {J. London Math. Soc.},
  FJOURNAL = {Journal of the London Mathematical Society. Second Series},
    VOLUME = {38},
      YEAR = {1963},
     PAGES = {197--203},
      ISSN = {0024-6107},
   MRCLASS = {17.30},
  MRNUMBER = {0148717},
MRREVIEWER = {G. Leger},
       DOI = {10.1112/jlms/s1-38.1.197},
       URL = {https://doi.org/10.1112/jlms/s1-38.1.197},
}
@book {wilf,
AUTHOR = {Herbert S. Wilf},
TITLE = {generatingfunctionology},
YEAR = {1994},
PUBLISHER = {Academic Press, Inc.},
}