@article {hartwig,
    AUTHOR = {Hartwig, Robert E.},
     TITLE = {\href{https://doi.org/10.2307/2975190}{Roth's removal rule and the rational canonical form}},
   JOURNAL = {Amer. Math. Monthly},
  FJOURNAL = {American Mathematical Monthly},
    VOLUME = {103},
      YEAR = {1996},
    NUMBER = {4},
     PAGES = {332--335},
      ISSN = {0002-9890},
   MRCLASS = {15A21},
  MRNUMBER = {1383670},
       DOI = {10.2307/2975190},
       URL = {https://doi.org/10.2307/2975190},
}
@book {omeara,
	AUTHOR = {O'Meara, O. Timothy},
	TITLE = {\href{https://link.springer.com/book/10.1007\%2F978-3-642-62031-7}{Introduction to quadratic forms}},
	SERIES = {Classics in Mathematics},
	NOTE = {Reprint of the 1973 edition},
	PUBLISHER = {Springer-Verlag, Berlin},
	YEAR = {2000},
	PAGES = {xiv+342},
	ISBN = {3-540-66564-1},
	MRCLASS = {11Exx},
	MRNUMBER = {1754311},
}
@article{magma,
	author={Wieb Bosma and John Cannon and Catherine Playoust},
	title={\href{http://www.sciencedirect.com/science/article/pii/S074771719690125X}{The Magma algebra system {I}: The user language}},
	journal={Journal of Symbolic Computation},
	volume={24},
	year={1997},
	pages={235--265}
}